@software{Falcon_PyTorch_Lightning_2019,
author = {Falcon, William and {The PyTorch Lightning team}},
doi = {10.5281/zenodo.3828935},
license = {Apache-2.0},
month = {3},
title = {{PyTorch Lightning}},
url = {https://github.com/PyTorchLightning/pytorch-lightning},
version = {1.4},
year = {2019}
}

@misc{Ayzel2020RainNet,
	author = {Ayzel, Georgy},
	title = {RainNet: a convolutional neural network for radar-based precipitation nowcasting},
	year = {2020},
	publisher = {GitHub},
	journal = {GitHub repository},
	howpublished = {\url{https://github.com/hydrogo/rainnet}}
}

@article{bingham2018pyro,
	author = {Bingham, Eli and Chen, Jonathan P. and Jankowiak, Martin and Obermeyer, Fritz and
	Pradhan, Neeraj and Karaletsos, Theofanis and Singh, Rohit and Szerlip, Paul and
	Horsfall, Paul and Goodman, Noah D.},
	title = {{Pyro: Deep Universal Probabilistic Programming}},
	journal = {Journal of Machine Learning Research},
	year = {2018}
}

@article{ritter2021tyxe,
	title={Ty{X}e: Pyro-based {B}ayesian neural nets for {P}ytorch},
	author={Ritter, Hippolyt and Karaletsos, Theofanis},
	journal={arXiv preprint arXiv:2110.00276},
	year={2021}
}

@book{bishop2006pattern,
	title={Pattern recognition and machine learning},
	author={Bishop, Christopher M and Nasrabadi, Nasser M},
	volume={4},
	number={4},
	year={2006},
	publisher={Springer},
	chapter={10.1},
	pages={462-474}
}

@article{schmid2019nowcasting,
	title={Nowcasting Guidelines--A Summary},
	author={Schmid, Franziska and Wang, Yong and Harou, Abdoulaye},
	journal={Bulletin n{\textordmasculine}},
	volume={68},
	pages={2},
	year={2019}
}

@article{dixon1993titan,
	title={TITAN: Thunderstorm identification, tracking, analysis, and nowcasting A radar-based methodology},
	author={Dixon, Michael and Wiener, Gerry},
	journal={Journal of atmospheric and oceanic technology},
	volume={10},
	number={6},
	pages={785--797},
	year={1993}
}

@article{germann2002scale,
	title={Scale-dependence of the predictability of precipitation from continental radar images. Part I: Description of the methodology},
	author={Germann, Urs and Zawadzki, Isztar},
	journal={Monthly Weather Review},
	volume={130},
	number={12},
	pages={2859--2873},
	year={2002}
}

@article{fox2005bayesian,
	title={A Bayesian quantitative precipitation nowcast scheme},
	author={Fox, Neil I and Wikle, Christopher K},
	journal={Weather and forecasting},
	volume={20},
	number={3},
	pages={264--275},
	year={2005}
}

@article{schmid2002short,
	title={Short-term risk forecasts of heavy rainfall},
	author={Schmid, W and Mecklenburg, S and Joss, J},
	journal={Water science and technology},
	volume={45},
	number={2},
	pages={121--125},
	year={2002},
	publisher={IWA Publishing}
}

@article{andersson1991model,
	title={A model for probability nowcasts of accumulated precipitation using radar},
	author={Andersson, Tage and Ivarsson, Karl-Ivar},
	journal={Journal of Applied Meteorology and Climatology},
	volume={30},
	number={1},
	pages={135--141},
	year={1991}
}

@article{marshall1948size,
	title={The size distribution of raindrops},
	author={Marshall, JS and Palmer, WM},
	journal={Journal of Atmospheric Sciences},
	volume={5},
	pages={165--166},
	year={1948}
}

@inproceedings{alexander2020rapid,
	title={Rapid refresh (RAP) and high resolution rapid refresh (HRRR) model development},
	author={Alexander, C and Dowell, David C and Hu, Ming and Olson, Joseph and Smirnova, Tanya and Ladwig, Therese and Weygandt, Steve and Kenyon, Jaymes S and James, Eric and Lin, Haidao and others},
	booktitle={100th American Meteorological Society Annual Meeting},
	year={2020},
	organization={AMS}
}

@article{mackay1992practical,
	title={A practical Bayesian framework for backpropagation networks},
	author={MacKay, David JC},
	journal={Neural computation},
	volume={4},
	number={3},
	pages={448--472},
	year={1992},
	publisher={MIT Press One Rogers Street, Cambridge, MA 02142-1209, USA journals-info~â€¦}
}

@article{buntine1991bayesian,
	title={Bayesian back-propagation},
	author={Buntine, Wray},
	journal={Complex systems},
	volume={5},
	pages={603--643},
	year={1991}
}

@article{denker1987large,
	title={Large automatic learning, rule extraction, and generalization},
	author={Denker, John and Schwartz, Daniel and Wittner, Ben and Solla, Sara and Howard, Richard and Jackel, Lawrence and Hopfield, John},
	journal={Complex systems},
	volume={1},
	number={5},
	pages={877--922},
	year={1987}
}

